@book{ml,
 author = {Alpaydin, Ethem},
 title = {Introduction to Machine Learning},
 year = {2010},
 publisher = {The MIT Press},
}

@article{virtue,
 author = {Angelini, Marco and Ferro, Nicola and Santucci, Giuseppe and Silvello, Gianmaria},
 title = {VIRTUE: A Visual Tool for Information Retrieval Performance Evaluation and Failure Analysis},
 journal = {J. Vis. Lang. Comput.},
 month = aug,
 year = {2014},
 pages = {394--413},
 publisher = {Academic Press, Inc.}
}

@article{Mitra2016ADE,
  title={A Dual Embedding Space Model for Document Ranking},
  author={Bhaskar Mitra and Eric T. Nalisnick and Nick Craswell and Rich Caruana},
  journal={CoRR},
  year={2016}
}

@article{neurev,
  author    = {Ye Zhang and
               Md. Mustafizur Rahman and
               Alex Braylan and
               Brandon Dang and
               Heng{-}Lu Chang and
               Henna Kim and
               Quinten McNamara and
               Aaron Angert and
               Edward Banner and
               Vivek Khetan and
               Tyler McDonnell and
               An Thanh Nguyen and
               Dan Xu and
               Byron C. Wallace and
               Matthew Lease},
  title     = {Neural Information Retrieval: {A} Literature Review},
  journal   = {CoRR},
  volume    = {abs/1611.06792},
  year      = {2016}
}

@inproceedings{ewr,
    title = {Linguistic Regularities in Sparse and Explicit Word Representations},
    author = {Levy, Omer  and Goldberg, Yoav},
    booktitle = {Proceedings of the Eighteenth Conference on Computational Natural Language Learning},
    month = {june},
    year = {2014},
    publisher = {Association for Computational Linguistics}
}

@inproceedings{drmm,
 author = {Guo, Jiafeng and Fan, Yixing and Ai, Qingyao and Croft, W. Bruce},
 title = {A Deep Relevance Matching Model for Ad-hoc Retrieval},
 booktitle = {Proceedings of the 25th ACM International on Conference on Information and Knowledge Management},
 series = {CIKM '16},
 year = {2016},
 publisher = {ACM}
}

@inproceedings{relbasedwe,
 author = {Zamani, Hamed and Croft, W. Bruce},
 title = {Relevance-based Word Embedding},
 booktitle = {Proceedings of the 40th International ACM SIGIR Conference on Research and Development in Information Retrieval},
 series = {SIGIR '17},
 year = {2017},
 publisher = {ACM}
}

@inproceedings{dssm,
 author = {Huang, Po-Sen and He, Xiaodong and Gao, Jianfeng and Deng, Li and Acero, Alex and Heck, Larry},
 title = {Learning Deep Structured Semantic Models for Web Search Using Clickthrough Data},
 booktitle = {Proceedings of the 22Nd ACM International Conference on Information \& Knowledge Management},
 series = {CIKM '13},
 year = {2013},
 publisher = {ACM}
}

@article{primad,
 author = {Ferro, Nicola},
 title = {Reproducibility Challenges in Information Retrieval Evaluation},
 journal = {J. Data and Information Quality},
 number = {2},
 year = {2017},
 articleno = {8},
 publisher = {ACM}
}

@inproceedings{w2v,
 author = {Mikolov, Tomas and Sutskever, Ilya and Chen, Kai and Corrado, Greg and Dean, Jeffrey},
 title = {Distributed Representations of Words and Phrases and Their Compositionality},
 booktitle = {Proceedings of the 26th International Conference on Neural Information Processing Systems - Volume 2},
 series = {NIPS'13},
 year = {2013},
 publisher = {Curran Associates Inc.}
}

@article{nn4ir,
author = {Craswell, Nick and Croft, W. Bruce and de Rijke, Maarten and Guo, Jiafeng and Mitra, Bhaskar},
title = {Neural information retrieval: introduction to the special issue},
journal = {Information Retrieval Journal},
year = {2018},
volume = {21},
number = {2}
}

@online{TREC,
title = {TREC website},
url = {https://trec.nist.gov},
urldate = {2019-06-01}
}

@online{Glove,
title = {GloVe: Global Vectors for Word Representation - website},
url = {https://nlp.stanford.edu/projects/glove},
urldate = {2019-06-01}
}

@online{terrier,
title = {Terrier website},
url = {http://terrier.org},
urldate = {2019-06-01}
}

@online{rob04,
title = {TREC 2004 Robust Track Guidelines},
url = {https://trec.nist.gov/data/robust/04.guidelines.html},
urldate = {2019-06-01}
}

@article{arc,
 author = {Hu, Baotian and Lu, Zhengdong and Li, Hang and Chen, Qingcai},
 title = {Convolutional Neural Network Architectures for Matching Natural Language Sentences},
 booktitle = {Proceedings of the 27th International Conference on Neural Information Processing Systems - Volume 2},
 series = {NIPS'14},
 year = {2014},
 publisher = {MIT Press}
}

@article{w2ve,
  author = {Rong, Xin},
  journal = {arXiv preprint arXiv:1411.2738},
  title = {word2vec parameter learning explained},
  year = {2014}
}

@inproceedings{cdssm,
 author = {Shen, Yelong and He, Xiaodong and Gao, Jianfeng and Deng, Li and Mesnil, Gr{\'e}goire},
 title = {Learning Semantic Representations Using Convolutional Neural Networks for Web Search},
 booktitle = {Proceedings of the 23rd International Conference on World Wide Web},
 series = {WWW '14 Companion},
 year = {2014},
 publisher = {ACM}
}

@book{learntorank,
 author = {Li, Hang},
 title = {Learning to Rank for Information Retrieval and Natural Language Processing},
 year = {2011},
 publisher = {Morgan \& Claypool Publishers},
} 

@book{croftIR,
 author = {Croft, Bruce and Metzler, Donald and Strohman, Trevor},
 title = {Search Engines: Information Retrieval in Practice},
 year = {2015},
 publisher = {Morgan \& Claypool Publishers}
}

@book{harmaneval,
 author = {Manning, Christopher D. and Raghavan, Prabhakar and Sch\"{u}tze, Hinrich},
 title = {Introduction to Information Retrieval},
 year = {2008},
 publisher = {Cambridge University Press}
}

@article{matchzoo,
  author    = {Yixing Fan and
               Liang Pang and
               Jianpeng Hou and
               Jiafeng Guo and
               Yanyan Lan and
               Xueqi Cheng},
  title     = {Matchzoo: A toolkit for deep text matching},
  journal   = {CoRR},
  volume    = {abs/1707.07270},
  year      = {2017},
}


@article{deeplookneurir,
  author    = {Jiafeng Guo and
               Yixing Fan and
               Liang Pang and
               Liu Yang and
               Qingyao Ai and
               Hamed Zamani and
               Chen Wu and
               W. Bruce Croft and
               Xueqi Cheng},
  title     = {A Deep Look into Neural Ranking Models for Information Retrieval},
  journal   = {CoRR},
  volume    = {abs/1903.06902},
  year      = {2019}
}

@article{neurIRearly,
 author = {Onal, Kezban Dilek and Zhang, Ye and Altingovde, Ismail Sengor and Rahman, Md Mustafizur and Karagoz, Pinar and Braylan, Alex and Dang, Brandon and Chang, Heng-Lu and Kim, Henna and Mcnamara, Quinten and Angert, Aaron and Banner, Edward and Khetan, Vivek and Mcdonnell, Tyler and Nguyen, An Thanh and Xu, Dan and Wallace, Byron C. and Rijke, Maarten and Lease, Matthew},
 title = {Neural Information Retrieval: At the End of the Early Years},
 journal = {Inf. Retr.},
 volume = {21},
 number = {2-3},
 year = {2018},
 publisher = {Kluwer Academic Publishers}
} 

@article{10reprule,
  author = {Sandve, Geir Kjetil and Nekrutenko, Anton and Taylor, James and Hovig, Eivind},
  journal = {PLoS Computational Biology},
  number = 10,
  title = {Ten Simple Rules for Reproducible Computational Research.},
  volume = 9,
  year = 2013
}

@article{comprepro,
 author = {Schwab, Matthias and Karrenbach, Martin and Claerbout, Jon},
 title = {Making Scientific Computations Reproducible},
 journal = {Computing in Science and Engg.},
 volume = {2},
 number = {6},
 year = {2000},
 publisher = {IEEE Educational Activities Department}
} 

@article{neurhype,
 author = {Lin, Jimmy},
 title = {The Neural Hype and Comparisons Against Weak Baselines},
 journal = {SIGIR Forum},
 volume = {52},
 number = {2},
 year = {2019},
 publisher = {ACM}
} 

@article{anserini,
 author = {Yang, Peilin and Fang, Hui and Lin, Jimmy},
 title = {Anserini: Reproducible Ranking Baselines Using Lucene},
 journal = {J. Data and Information Quality},
 volume = {10},
 number = {4},
 year = {2018},
 articleno = {16},
 publisher = {ACM}
}

@inproceedings{stdlnneur,
author = {Zamani, Hamed and Dehghani, Mostafa and Croft, W and Learned-Miller, Erik and Kamps, Jaap},
year = {2018},
title = {From Neural Re-Ranking to Neural Ranking: Learning a Sparse Representation for Inverted Indexing}
}

@inproceedings{reproconvneurir,
 author = {Rao, Jinfeng and He, Hua and Lin, Jimmy},
 title = {Experiments with Convolutional Neural Network Models for Answer Selection},
 booktitle = {Proceedings of the 40th International ACM SIGIR Conference on Research and Development in Information Retrieval},
 series = {SIGIR '17},
 year = {2017},
 publisher = {ACM}
}

@article{axiomneuir,
  author    = {Corby Rosset and Bhaskar Mitra and Chenyan Xiong and Nick Craswell and Xia Song and Saurabh Tiwary},
  title     = {An Axiomatic Approach to Regularizing Neural Ranking Models},
  journal   = {CoRR},
  volume    = {abs/1904.06808},
  year      = {2019},
  archivePrefix = {arXiv}
}

@incollection{deepmatch,
title = {A Deep Architecture for Matching Short Texts},
author = {Lu, Zhengdong and Li, Hang},
booktitle = {Advances in Neural Information Processing Systems 26},
editor = {C. J. C. Burges and L. Bottou and M. Welling and Z. Ghahramani and K. Q. Weinberger},
pages = {1367--1375},
year = {2013},
publisher = {Curran Associates, Inc.},
url = {http://papers.nips.cc/paper/5019-a-deep-architecture-for-matching-short-texts.pdf}
}

@article{pv,
  author    = {Quoc V. Le and
               Tomas Mikolov},
  title     = {Distributed Representations of Sentences and Documents},
  journal   = {CoRR},
  year      = {2014}
}

@article{firth,
  author = {Firth, J. R.},
  pages = {1-32},
  publisher = {The Philological Society},
  title = {A synopsis of linguistic theory 1930-55.},
  year = 1957
}

@article{harris,
  author = {Harris, Zellig},
  journal = {Word},
  pages = {146--162},
  title = {Distributional structure},
  volume = 10,
  year = 1954
}

@article{robertson,
author = {Robertson, Stephen},
year = {1977},
pages = {294-304},
title = {The Probability Ranking Principle in IR},
volume = {33},
journal = {Journal of Documentation}
}
